<?xml version="1.0" encoding="UTF-8"?>
<!DOCTYPE html PUBLIC "-//W3C//DTD XHTML 1.0 Transitional//EN"
    "http://www.w3.org/TR/xhtml1/DTD/xhtml1-transitional.dtd">
<html xmlns="http://www.w3.org/1999/xhtml" xml:lang="en" lang="en">
 <head>
  <title>
</title>
<meta http-equiv="Content-Type" content="text/html;charset=utf-8" />
  <meta name='ocr-system' content='tesseract 3.04.00' />
  <meta name='ocr-capabilities' content='ocr_page ocr_carea ocr_par ocr_line ocrx_word'/>
</head>
<body>
  <div class='ocr_page' id='page_1' title='image "./plantarumspecie00schegoog_0007.png"; bbox 0 0 2502 4657; ppageno 0'>
   <div class='ocr_carea' id='block_1_1' title="bbox 85 1491 2315 4120">
    <p class='ocr_par' dir='ltr' id='par_1_1' title="bbox 85 1491 2315 3434">
     <span class='ocr_line' id='line_1_1' title="bbox 153 1491 2213 1611; baseline 0 -22"><span class='ocrx_word' id='word_1_1' title='bbox 153 1491 500 1593; x_wconf 74' lang='lat' dir='ltr'>Plantae.</span> <span class='ocrx_word' id='word_1_2' title='bbox 552 1520 638 1593; x_wconf 88' lang='lat' dir='ltr'>in</span> <span class='ocrx_word' id='word_1_3' title='bbox 700 1517 924 1589; x_wconf 77' lang='lat' dir='ltr'>hoece</span> <span class='ocrx_word' id='word_1_4' title='bbox 973 1515 1230 1611; x_wconf 87' lang='lat' dir='ltr'>libello</span> <span class='ocrx_word' id='word_1_5' title='bbox 1285 1524 1764 1592; x_wconf 77' lang='lat' dir='ltr'><strong>enumeratae</strong></span> <span class='ocrx_word' id='word_1_6' title='bbox 1814 1525 2036 1611; x_wconf 90' lang='lat' dir='ltr'>atque</span> <span class='ocrx_word' id='word_1_7' title='bbox 2087 1517 2213 1590; x_wconf 83' lang='lat' dir='ltr'>de-</span> 
     </span>
     <span class='ocr_line' id='line_1_2' title="bbox 151 1611 2315 1731; baseline 0 -28"><span class='ocrx_word' id='word_1_8' title='bbox 151 1635 503 1727; x_wconf 79' lang='lat' dir='ltr'><strong>scriptae,</strong></span> <span class='ocrx_word' id='word_1_9' title='bbox 553 1653 612 1731; x_wconf 76' lang='lat' dir='ltr'><strong>a</strong></span> <span class='ocrx_word' id='word_1_10' title='bbox 650 1633 774 1703; x_wconf 80' lang='lat' dir='ltr'>cis,</span> <span class='ocrx_word' id='word_1_11' title='bbox 826 1611 1144 1703; x_wconf 60' lang='lat' dir='ltr'>Drs0⁸de</span> <span class='ocrx_word' id='word_1_12' title='bbox 1187 1625 1578 1714; x_wconf 78' lang='lat' dir='ltr'>Sckubert‚</span> <span class='ocrx_word' id='word_1_13' title='bbox 1629 1625 1830 1700; x_wconf 83' lang='lat' dir='ltr'>Erdl</span> <span class='ocrx_word' id='word_1_14' title='bbox 1862 1640 1941 1700; x_wconf 81' lang='lat' dir='ltr'>et</span> <span class='ocrx_word' id='word_1_15' title='bbox 1979 1629 2212 1719; x_wconf 79' lang='lat' dir='ltr'>Roth,</span> <span class='ocrx_word' id='word_1_16' title='bbox 2310 1654 2315 1661; x_wconf 85' lang='lat'><strong>·</strong></span> 
     </span>
     <span class='ocr_line' id='line_1_3' title="bbox 149 1742 2214 1842; baseline -0 -23"><span class='ocrx_word' id='word_1_17' title='bbox 149 1751 237 1819; x_wconf 90' lang='lat' dir='ltr'>in</span> <span class='ocrx_word' id='word_1_18' title='bbox 275 1750 547 1818; x_wconf 87' lang='lat' dir='ltr'>itinere</span> <span class='ocrx_word' id='word_1_19' title='bbox 594 1767 726 1839; x_wconf 85' lang='lat' dir='ltr'>per</span> <span class='ocrx_word' id='word_1_20' title='bbox 759 1765 1038 1815; x_wconf 90' lang='lat' dir='ltr'>annum</span> <span class='ocrx_word' id='word_1_21' title='bbox 1084 1751 1270 1816; x_wconf 88' lang='grc'>1837</span> <span class='ocrx_word' id='word_1_22' title='bbox 1306 1744 1386 1813; x_wconf 93' lang='lat' dir='ltr'>in</span> <span class='ocrx_word' id='word_1_23' title='bbox 1423 1742 1806 1814; x_wconf 82' lang='lat' dir='ltr'>Orientem</span> <span class='ocrx_word' id='word_1_24' title='bbox 1843 1750 2214 1842; x_wconf 81' lang='lat' dir='ltr'>suscepto,</span> 
     </span>
     <span class='ocr_line' id='line_1_4' title="bbox 151 1846 2217 1955; baseline -0.003 -17"><span class='ocrx_word' id='word_1_25' title='bbox 151 1862 510 1939; x_wconf 83' lang='lat' dir='ltr'>collectae</span> <span class='ocrx_word' id='word_1_26' title='bbox 542 1870 735 1931; x_wconf 87' lang='lat' dir='ltr'>sunt.</span> <span class='ocrx_word' id='word_1_27' title='bbox 812 1846 1065 1950; x_wconf 83' lang='lat' dir='ltr'>Major</span> <span class='ocrx_word' id='word_1_28' title='bbox 1092 1846 1519 1952; x_wconf 80' lang='lat' dir='ltr'>plantarum</span> <span class='ocrx_word' id='word_1_29' title='bbox 1554 1879 1724 1950; x_wconf 89' lang='lat' dir='ltr'>pars</span> <span class='ocrx_word' id='word_1_30' title='bbox 1759 1857 1837 1928; x_wconf 92' lang='lat' dir='ltr'>in</span> <span class='ocrx_word' id='word_1_31' title='bbox 1875 1858 2217 1955; x_wconf 86' lang='lat' dir='ltr'>Aegypto</span> 
     </span>
     <span class='ocr_line' id='line_1_5' title="bbox 154 1970 2219 2083; baseline 0 -37"><span class='ocrx_word' id='word_1_32' title='bbox 154 1974 257 2047; x_wconf 82' lang='lat' dir='ltr'>ad</span> <span class='ocrx_word' id='word_1_33' title='bbox 295 1975 721 2061; x_wconf 82' lang='lat' dir='ltr'>Kahirum&#39;,</span> <span class='ocrx_word' id='word_1_34' title='bbox 785 1996 1016 2083; x_wconf 80' lang='lat' dir='ltr'>prope</span> <span class='ocrx_word' id='word_1_35' title='bbox 1064 1971 1218 2056; x_wconf 88' lang='grc' dir='ltr'>Τοι·</span> <span class='ocrx_word' id='word_1_36' title='bbox 1280 1986 1355 2044; x_wconf 91' lang='lat' dir='ltr'>et</span> <span class='ocrx_word' id='word_1_37' title='bbox 1416 1974 1496 2046; x_wconf 86' lang='lat' dir='ltr'>in</span> <span class='ocrx_word' id='word_1_38' title='bbox 1547 1980 1807 2049; x_wconf 76' lang='lat' dir='ltr'>monte</span> <span class='ocrx_word' id='word_1_39' title='bbox 1858 1970 2071 2044; x_wconf 89' lang='lat' dir='ltr'>Sinai</span> <span class='ocrx_word' id='word_1_40' title='bbox 2136 1976 2219 2047; x_wconf 92' lang='lat' dir='ltr'>in</span> 
     </span>
     <span class='ocr_line' id='line_1_6' title="bbox 148 2083 2221 2191; baseline 0 -33"><span class='ocrx_word' id='word_1_41' title='bbox 148 2088 438 2163; x_wconf 87' lang='lat' dir='ltr'>Arabia</span> <span class='ocrx_word' id='word_1_42' title='bbox 489 2083 863 2191; x_wconf 79' lang='lat' dir='ltr'>petraea,</span> <span class='ocrx_word' id='word_1_43' title='bbox 901 2090 981 2168; x_wconf 83' lang='lat' dir='ltr'>in</span> <span class='ocrx_word' id='word_1_44' title='bbox 1032 2087 1268 2187; x_wconf 83' lang='lat' dir='ltr'>Syria</span> <span class='ocrx_word' id='word_1_45' title='bbox 1335 2109 1564 2188; x_wconf 83' lang='lat' dir='ltr'>prope</span> <span class='ocrx_word' id='word_1_46' title='bbox 1631 2083 1942 2168; x_wconf 81' lang='lat' dir='ltr'>Hebron</span> <span class='ocrx_word' id='word_1_47' title='bbox 1997 2102 2072 2161; x_wconf 93' lang='lat' dir='ltr'>et</span> <span class='ocrx_word' id='word_1_48' title='bbox 2138 2091 2221 2187; x_wconf 78' lang='lat' dir='ltr'>in</span> 
     </span>
     <span class='ocr_line' id='line_1_7' title="bbox 147 2180 2219 2293; baseline 0 -21"><span class='ocrx_word' id='word_1_49' title='bbox 147 2200 414 2293; x_wconf 80' lang='lat' dir='ltr'>monte</span> <span class='ocrx_word' id='word_1_50' title='bbox 463 2199 808 2287; x_wconf 79' lang='lat' dir='ltr'>Libanon</span> <span class='ocrx_word' id='word_1_51' title='bbox 857 2180 1277 2291; x_wconf 81' lang='lat' dir='ltr'>conquisita</span> <span class='ocrx_word' id='word_1_52' title='bbox 1327 2211 1480 2286; x_wconf 80' lang='lat' dir='ltr'>est,</span> <span class='ocrx_word' id='word_1_53' title='bbox 1553 2222 1779 2292; x_wconf 83' lang='lat' dir='ltr'>quum</span> <span class='ocrx_word' id='word_1_54' title='bbox 1841 2180 2219 2281; x_wconf 79' lang='lat' dir='ltr'>celeritate</span> 
     </span>
     <span class='ocr_line' id='line_1_8' title="bbox 149 2308 2218 2407; baseline 0 -21"><span class='ocrx_word' id='word_1_55' title='bbox 149 2308 509 2399; x_wconf 61' lang='lat' dir='ltr'>itineris,</span> <span class='ocrx_word' id='word_1_56' title='bbox 589 2310 965 2387; x_wconf 85' lang='lat' dir='ltr'>varietate·</span> <span class='ocrx_word' id='word_1_57' title='bbox 1023 2333 1268 2383; x_wconf 84' lang='lat' dir='ltr'>rerum</span> <span class='ocrx_word' id='word_1_58' title='bbox 1350 2311 1802 2384; x_wconf 83' lang='lat' dir='ltr'><strong>naturalium</strong></span> <span class='ocrx_word' id='word_1_59' title='bbox 1868 2315 2218 2407; x_wconf 89' lang='lat' dir='ltr'>colligen-</span> 
     </span>
     <span class='ocr_line' id='line_1_9' title="bbox 85 2426 2214 2521; baseline 0 -20"><span class='ocrx_word' id='word_1_60' title='bbox 85 2461 104 2468; x_wconf 75' lang='grc'>-</span> <span class='ocrx_word' id='word_1_61' title='bbox 156 2430 450 2506; x_wconf 79' lang='lat' dir='ltr'>darum·</span> <span class='ocrx_word' id='word_1_62' title='bbox 495 2439 572 2497; x_wconf 88' lang='lat' dir='ltr'>et</span> <span class='ocrx_word' id='word_1_63' title='bbox 616 2426 1110 2517; x_wconf 68' lang='lat' dir='ltr'>navigatione</span> <span class='ocrx_word' id='word_1_64' title='bbox 1183 2426 1591 2520; x_wconf 85' lang='lat' dir='ltr'>longinqua</span> <span class='ocrx_word' id='word_1_65' title='bbox 1660 2429 2214 2521; x_wconf 81' lang='lat' dir='ltr'>peregrinantes</span> 
     </span>
     <span class='ocr_line' id='line_1_10' title="bbox 146 2537 2216 2662; baseline 0 -46"><span class='ocrx_word' id='word_1_66' title='bbox 146 2538 714 2637; x_wconf 84' lang='lat' dir='ltr'>impedirentur,</span> <span class='ocrx_word' id='word_1_67' title='bbox 757 2539 1156 2662; x_wconf 82' lang='lat' dir='ltr'>quominus</span> <span class='ocrx_word' id='word_1_68' title='bbox 1198 2538 1445 2633; x_wconf 87' lang='lat' dir='ltr'>plures</span> <span class='ocrx_word' id='word_1_69' title='bbox 1489 2537 1585 2611; x_wconf 88' lang='lat' dir='ltr'>ad</span> <span class='ocrx_word' id='word_1_70' title='bbox 1631 2540 2054 2616; x_wconf 70' lang='lat' dir='ltr'>botanicem</span> <span class='ocrx_word' id='word_1_71' title='bbox 2093 2567 2216 2617; x_wconf 88' lang='lat' dir='ltr'>res</span> 
     </span>
     <span class='ocr_line' id='line_1_11' title="bbox 152 2650 2217 2754; baseline 0 -24"><span class='ocrx_word' id='word_1_72' title='bbox 152 2666 576 2754; x_wconf 77' lang='lat' dir='ltr'>spectantes</span> <span class='ocrx_word' id='word_1_73' title='bbox 649 2650 1108 2749; x_wconf 71' lang='lat' dir='ltr'>quaererent,</span> <span class='ocrx_word' id='word_1_74' title='bbox 1228 2653 1316 2722; x_wconf 90' lang='lat' dir='ltr'>In</span> <span class='ocrx_word' id='word_1_75' title='bbox 1380 2652 1602 2732; x_wconf 83' lang='lat' dir='ltr'><strong>hacce</strong></span> <span class='ocrx_word' id='word_1_76' title='bbox 1666 2656 1892 2747; x_wconf 83' lang='lat' dir='ltr'>igitur·</span> <span class='ocrx_word' id='word_1_77' title='bbox 1956 2658 2217 2743; x_wconf 74' lang='grc'>(301133,</span> 
     </span>
     <span class='ocr_line' id='line_1_12' title="bbox 145 2763 2217 2886; baseline -0.002 -42"><span class='ocrx_word' id='word_1_78' title='bbox 145 2774 358 2844; x_wconf 85' lang='lat' dir='ltr'>tione</span> <span class='ocrx_word' id='word_1_79' title='bbox 405 2769 716 2845; x_wconf 83' lang='lat' dir='ltr'>istarum</span> <span class='ocrx_word' id='word_1_80' title='bbox 767 2769 1154 2872; x_wconf 75' lang='lat' dir='ltr'>regionum</span> <span class='ocrx_word' id='word_1_81' title='bbox 1203 2766 1467 2850; x_wconf 77' lang='lat' dir='ltr'>florams</span> <span class='ocrx_word' id='word_1_82' title='bbox 1515 2769 1938 2886; x_wconf 62' lang='lat' dir='ltr'>vernalemz</span> <span class='ocrx_word' id='word_1_83' title='bbox 1992 2763 2217 2874; x_wconf 78' lang='lat' dir='ltr'>quam</span> 
     </span>
     <span class='ocr_line' id='line_1_13' title="bbox 147 2865 2216 2987; baseline -0.001 -31"><span class='ocrx_word' id='word_1_84' title='bbox 147 2879 590 2982; x_wconf 85' lang='lat' dir='ltr'>praesertim</span> <span class='ocrx_word' id='word_1_85' title='bbox 633 2884 824 2952; x_wconf 83' lang='lat' dir='ltr'>circa</span> <span class='ocrx_word' id='word_1_86' title='bbox 851 2865 1157 2966; x_wconf 84' lang='lat' dir='ltr'>Hebron</span> <span class='ocrx_word' id='word_1_87' title='bbox 1185 2877 1746 2984; x_wconf 77' lang='lat' dir='ltr'>peregrinantes</span> <span class='ocrx_word' id='word_1_88' title='bbox 1770 2885 2103 2987; x_wconf 77' lang='lat' dir='ltr'>maximo</span> <span class='ocrx_word' id='word_1_89' title='bbox 2131 2886 2216 2954; x_wconf 92' lang='lat' dir='ltr'>in</span> 
     </span>
     <span class='ocr_line' id='line_1_14' title="bbox 151 2979 2217 3099; baseline 0.001 -32"><span class='ocrx_word' id='word_1_90' title='bbox 151 2994 554 3094; x_wconf 79' lang='lat' dir='ltr'>splendore</span> <span class='ocrx_word' id='word_1_91' title='bbox 593 2979 959 3084; x_wconf 69' lang='lat' dir='ltr'>viderunt,</span> <span class='ocrx_word' id='word_1_92' title='bbox 1009 2983 1332 3099; x_wconf 84' lang='lat' dir='ltr'>indeque</span> <span class='ocrx_word' id='word_1_93' title='bbox 1367 3011 1714 3087; x_wconf 75' lang='lat' dir='ltr'>magnum</span> <span class='ocrx_word' id='word_1_94' title='bbox 1751 3019 1898 3089; x_wconf 79' lang='lat' dir='ltr'>pro</span> <span class='ocrx_word' id='word_1_95' title='bbox 1920 3000 2217 3076; x_wconf 81' lang='lat' dir='ltr'>ratione</span> 
     </span>
     <span class='ocr_line' id='line_1_15' title="bbox 150 3106 2216 3205; baseline -0.001 -18"><span class='ocrx_word' id='word_1_96' title='bbox 150 3131 547 3187; x_wconf 88' lang='lat' dir='ltr'>numerum</span> <span class='ocrx_word' id='word_1_97' title='bbox 613 3106 1574 3198; x_wconf 76' lang='lat' dir='ltr'>Monocotyledouearum,</span> <span class='ocrx_word' id='word_1_98' title='bbox 1628 3110 1799 3185; x_wconf 86' lang='lat' dir='ltr'>fere</span> <span class='ocrx_word' id='word_1_99' title='bbox 1875 3119 2216 3205; x_wconf 82' lang='lat' dir='ltr'>quartam</span> 
     </span>
     <span class='ocr_line' id='line_1_16' title="bbox 149 3224 2215 3323; baseline 0.001 -27"><span class='ocrx_word' id='word_1_100' title='bbox 149 3227 871 3323; x_wconf 76' lang='lat' dir='ltr'>phanerogamarum</span> <span class='ocrx_word' id='word_1_101' title='bbox 940 3237 1264 3317; x_wconf 78' lang='lat' dir='ltr'>partem,</span> <span class='ocrx_word' id='word_1_102' title='bbox 1346 3225 1707 3298; x_wconf 76' lang='lat' dir='ltr'>invenies·</span> <span class='ocrx_word' id='word_1_103' title='bbox 1828 3224 2039 3299; x_wconf 83' lang='lat' dir='ltr'>Licet</span> <span class='ocrx_word' id='word_1_104' title='bbox 2099 3249 2215 3299; x_wconf 87' lang='lat' dir='ltr'>re·-</span> 
     </span>
     <span class='ocr_line' id='line_1_17' title="bbox 155 3338 2217 3434; baseline 0.002 -23"><span class='ocrx_word' id='word_1_105' title='bbox 155 3340 503 3415; x_wconf 84' lang='lat' dir='ltr'>centiori</span> <span class='ocrx_word' id='word_1_106' title='bbox 519 3353 885 3431; x_wconf 83' lang='lat' dir='ltr'>tempore</span> <span class='ocrx_word' id='word_1_107' title='bbox 923 3338 1216 3412; x_wconf 87' lang='lat' dir='ltr'>illarum</span> <span class='ocrx_word' id='word_1_108' title='bbox 1284 3338 1669 3430; x_wconf 76' lang='lat' dir='ltr'>regionum</span> <span class='ocrx_word' id='word_1_109' title='bbox 1727 3338 1914 3412; x_wconf 89' lang='lat' dir='ltr'>flora</span> <span class='ocrx_word' id='word_1_110' title='bbox 1977 3342 2217 3434; x_wconf 79' lang='lat' dir='ltr'>magis</span> 
     </span>
    </p>

    <p class='ocr_par' dir='ltr' id='par_1_2' title="bbox 140 3451 2266 4120">
     <span class='ocr_line' id='line_1_18' title="bbox 210 3451 2213 3564; baseline 0.002 -42"><span class='ocrx_word' id='word_1_111' title='bbox 210 3475 379 3523; x_wconf 88' lang='lat' dir='ltr'>uam</span> <span class='ocrx_word' id='word_1_112' title='bbox 422 3454 625 3548; x_wconf 88' lang='lat' dir='ltr'>prins</span> <span class='ocrx_word' id='word_1_113' title='bbox 673 3451 1122 3564; x_wconf 81' lang='lat' dir='ltr'>investigata</span> <span class='ocrx_word' id='word_1_114' title='bbox 1164 3455 1321 3544; x_wconf 88' lang='lat' dir='ltr'>sit</span> <span class='ocrx_word' id='word_1_115' title='bbox 1358 3467 1635 3526; x_wconf 88' lang='lat' dir='ltr'>tamen·</span> <span class='ocrx_word' id='word_1_116' title='bbox 1657 3452 1859 3528; x_wconf 85' lang='lat' dir='ltr'>haud</span> <span class='ocrx_word' id='word_1_117' title='bbox 1905 3458 2213 3548; x_wconf 81' lang='lat' dir='ltr'>exiguus</span> 
     </span>
     <span class='ocr_line' id='line_1_19' title="bbox 140 3478 2217 3676; baseline -0 -38"><span class='ocrx_word' id='word_1_118' title='bbox 140 3478 508 3642; x_wconf 46' lang='lat' dir='ltr'>{umerus</span> <span class='ocrx_word' id='word_1_119' title='bbox 557 3553 1007 3664; x_wconf 68' lang='lat' dir='ltr'>&#39;plantarum</span> <span class='ocrx_word' id='word_1_120' title='bbox 1012 3587 1431 3676; x_wconf 79' lang='lat' dir='ltr'>novarum,</span> <span class='ocrx_word' id='word_1_121' title='bbox 1508 3579 1788 3649; x_wconf 75' lang='lat' dir='ltr'>&#39;novum</span> <span class='ocrx_word' id='word_1_122' title='bbox 1857 3593 2085 3670; x_wconf 78' lang='lat' dir='ltr'>genus</span> <span class='ocrx_word' id='word_1_123' title='bbox 2139 3581 2217 3638; x_wconf 85' lang='lat' dir='ltr'>et</span> 
     </span>
     <span class='ocr_line' id='line_1_20' title="bbox 163 3669 2215 3810; baseline 0.001 -59"><span class='ocrx_word' id='word_1_124' title='bbox 163 3673 679 3810; x_wconf 75' lang='lat' dir='ltr'>duodeviginti</span> <span class='ocrx_word' id='word_1_125' title='bbox 758 3669 1028 3784; x_wconf 67' lang='lat' dir='ltr'>novae</span> <span class='ocrx_word' id='word_1_126' title='bbox 1086 3684 1414 3778; x_wconf 71' lang='lat' dir='ltr'>specieS,</span> <span class='ocrx_word' id='word_1_127' title='bbox 1517 3677 1866 3787; x_wconf 58' lang='grc'>333333.</span> <span class='ocrx_word' id='word_1_128' title='bbox 1863 3706 1931 3752; x_wconf 86' lang='grc'>.3</span> <span class='ocrx_word' id='word_1_129' title='bbox 2019 3695 2215 3753; x_wconf 82' lang='lat' dir='ltr'>terra</span> 
     </span>
     <span class='ocr_line' id='line_1_21' title="bbox 154 3773 2266 3890; baseline -0 -23"><span class='ocrx_word' id='word_1_130' title='bbox 154 3794 507 3876; x_wconf 84' lang='lat' dir='ltr'>maxime</span> <span class='ocrx_word' id='word_1_131' title='bbox 539 3796 869 3888; x_wconf 74' lang='lat' dir='ltr'>cognita,</span> <span class='ocrx_word' id='word_1_132' title='bbox 943 3817 986 3865; x_wconf 91' lang='lat' dir='ltr'>e</span> <span class='ocrx_word' id='word_1_133' title='bbox 1051 3796 1309 3886; x_wconf 87' lang='lat' dir='ltr'>Syria,</span> <span class='ocrx_word' id='word_1_134' title='bbox 1389 3797 1477 3870; x_wconf 85' lang='lat' dir='ltr'>in</span> <span class='ocrx_word' id='word_1_135' title='bbox 1539 3773 1882 3890; x_wconf 78' lang='lat' dir='ltr'>herbario</span> <span class='ocrx_word' id='word_1_136' title='bbox 1951 3808 2266 3882; x_wconf 7' lang='lat' dir='ltr'>nostro?</span> 
     </span>
     <span class='ocr_line' id='line_1_22' title="bbox 157 3904 2211 4026; baseline -0 -45"><span class='ocrx_word' id='word_1_137' title='bbox 157 3930 322 3981; x_wconf 83' lang='lat' dir='ltr'>sese</span> <span class='ocrx_word' id='word_1_138' title='bbox 379 3904 667 3983; x_wconf 78' lang='lat' dir='ltr'>obtulit.</span> <span class='ocrx_word' id='word_1_139' title='bbox 738 3906 933 3986; x_wconf 77' lang='lat' dir='ltr'>Tota</span> <span class='ocrx_word' id='word_1_140' title='bbox 977 3908 1324 4026; x_wconf 75' lang='lat' dir='ltr'>collectio</span> <span class='ocrx_word' id='word_1_141' title='bbox 1358 3910 1694 3990; x_wconf 78' lang='lat' dir='ltr'>continet</span> <span class='ocrx_word' id='word_1_142' title='bbox 1736 3910 2037 4003; x_wconf 77' lang='lat' dir='ltr'>species</span> <span class='ocrx_word' id='word_1_143' title='bbox 2076 3915 2211 3989; x_wconf 65' lang='lat'>321</span> 
     </span>
     <span class='ocr_line' id='line_1_23' title="bbox 157 3979 2203 4120; baseline 0.002 -27"><span class='ocrx_word' id='word_1_144' title='bbox 157 4047 198 4093; x_wconf 91' lang='lat' dir='ltr'>e</span> <span class='ocrx_word' id='word_1_145' title='bbox 247 4022 552 4098; x_wconf 80' lang='lat' dir='ltr'>familiis</span> <span class='ocrx_word' id='word_1_146' title='bbox 606 4027 740 4120; x_wconf 72' lang='lat'>68,</span> <span class='ocrx_word' id='word_1_147' title='bbox 813 4045 996 4115; x_wconf 83' lang='lat' dir='ltr'><strong>quas</strong></span> <span class='ocrx_word' id='word_1_148' title='bbox 1046 4023 1166 4097; x_wconf 87' lang='lat' dir='ltr'>hic</span> <span class='ocrx_word' id='word_1_149' title='bbox 1209 3979 1650 4108; x_wconf 73' lang='lat' dir='ltr'>enumerare</span> <span class='ocrx_word' id='word_1_150' title='bbox 1687 4022 1982 4103; x_wconf 80' lang='lat' dir='ltr'>licebit·</span> <span class='ocrx_word' id='word_1_151' title='bbox 2045 4077 2046 4082; x_wconf 65' lang='lat'>,</span> <span class='ocrx_word' id='word_1_152' title='bbox 2095 4067 2114 4086; x_wconf 72' lang='lat'>.·</span> <span class='ocrx_word' id='word_1_153' title='bbox 2165 4055 2203 4082; x_wconf 64' lang='grc' dir='ltr'>ν·</span> 
     </span>
    </p>
   </div>
  </div>
 </body>
</html>
