2502 4657
2105 502 2157 556 V

196 666 841 761 supervacaneum
887 681 1054 734 esse
1105 655 1473 735 credimus
1542 658 1636 732 de
1697 661 1955 733 harum
2009 674 2154 734 ter-

107 802 346 854 rarum
394 778 867 868 vegetatione
926 772 1207 870 aliquid
1263 797 1682 868 exponere,
1757 800 1981 873 quum
2037 780 2154 854 cli.

106 892 385 979 Delile,
439 889 729 974 Mirbel,
782 889 1151 965 Decaisne
1204 887 1308 963 de.
1347 888 1485 959 hac
1536 912 1614 960 re
1666 887 2158 964 disseruerint

109 1021 179 1079 et
227 1005 453 1086 nobis
502 1001 1019 1077 tantummodo
1071 1002 1165 1075 ab
1215 1002 1421 1075 hisce
1469 1004 1653 1075 viris
1708 1001 1904 1076 dicta
1949 1028 2159 1099 repe÷

104 1118 332 1192 tenda
409 1129 680 1189 essent.
728 1162 733 1167 -
808 1117 966 1191 Has
1045 1111 1277 1187 modo
1363 1116 1658 1209 plantas
1740 1119 2156 1191 accuratius
2231 1214 2236 1217 -

98 1230 512 1304 notaverim
536 1252 559 1299 t·
629 1227 1039 1326 Hyphaene
1089 1226 1434 1299 thebaica
1489 1228 1706 1302 Mart.
1775 1252 1946 1309 non.
1993 1233 2158 1304 lon·

94 1349 258 1439 gius
308 1336 888 1439 septentrionem
941 1365 1198 1415 versus
1243 1365 1462 1436 quam
1516 1339 1611 1413 ad
1655 1344 1952 1445 27⁰·1at.
1989 1343 2156 1425 bor,

96 1483 330 1556 usque
366 1480 590 1552 prope
623 1456 941 1551 Aegypti
976 1456 1235 1527 urbem
1272 1456 1510 1544 Syout
1538 1454 1935 1528 observata
1975 1472 2155 1530 erat.

92 1570 655 1664 Peregrinantes
698 1568 1206 1642 observabant
1254 1570 1677 1664 frequenter
1727 1593 1889 1643 eam
1931 1595 2154 1666 spon-

94 1688 393 1759 taneam
438 1682 532 1756 ad
587 1697 881 1755 montes
932 1680 1139 1754 sinus
1199 1684 1561 1754 ailanitici
1607 1705 1837 1780 prope
1883 1684 2153 1757 Akaba

98 1800 238 1877 sub
291 1800 436 1871 300
483 1801 607 1870 lat.
663 1797 862 1885 bor.‚
937 1810 1014 1869 et
1063 1799 1337 1869 cultam
1387 1800 1468 1869 in
1516 1796 1854 1892 Aegypto
1919 1822 2154 1894 prope

93 1910 457 1985 Kahirum
528 1935 665 1984 nec
722 1934 876 1985 non
946 1934 1175 2008 prope
1223 1909 1378 1984 Tor
1444 1908 1539 1983 ad
1591 1934 1794 1984 mare
1843 1912 2148 1985 rubrum

92 2040 261 2097 cum
309 2025 668 2098 Phoenice
717 2024 1177 2118 dactylffera
1226 2022 1312 2095 L.
1395 2021 1626 2098 Pinus
1674 2024 1927 2097 brutia
1964 2025 2145 2098 Ten.

92 2138 198 2211 ad
260 2142 541 2212 montis
592 2138 957 2211 Libanon*
1005 2135 1325 2209 declives
1397 2152 1617 2232 atque
1665 2142 1747 2212 in
1805 2144 2151 2234 proxima
2223 2188 2230 2197 f·

83 2266 305 2350 parte
353 2253 722 2348 finitimae
771 2251 1107 2345 planitiei
1160 2252 1418 2346 pineta
1462 2273 1690 2346 parva
1739 2255 2147 2325 constituit.

84 2369 183 2436 In
218 2357 533 2437 Oriente*
573 2385 618 2434 a
666 2361 1305 2459 peregrinantibus
1338 2365 1612 2436 nostris
1657 2367 1974 2460 primum
2015 2367 2147 2438 ob-

88 2489 395 2553 servata
445 2489 580 2550 est.
655 2476 841 2550 Inde
878 2479 1094 2552 Italia
1142 2479 1475 2566 inferior,
1527 2502 1715 2575 quae
1765 2501 1996 2574 usque
2047 2479 2145 2553 ad

79 2595 231 2667 hoc
266 2607 558 2690 tempus
589 2592 752 2665 sola
791 2591 1013 2686 hujus
1050 2593 1323 2690 speciei
1355 2595 1596 2689 patria
1633 2596 1927 2687 cognita
1958 2609 2142 2684 erat,

78 2711 291 2804 regio
357 2708 686 2781 maxime
752 2706 1212 2781 occidentem
1279 2730 1535 2782 versus
1611 2711 1759 2781 sita
1826 2713 1965 2797 sit,
2057 2713 2140 2782 in

81 2849 236 2923 qua
268 2824 451 2896 haec
491 2821 712 2896 arbor
751 2837 1052 2912 crescat,
1090 2838 1165 2897 et
1191 2826 1354 2897 sine
1390 2823 1615 2897 dubio
1652 2827 1733 2897 in
1770 2825 2142 2921 Hispania

81 2939 546 3031 Graeciaque
584 2940 903 3011 inveniri
948 2941 1213 3035 possit,
1264 2939 1533 3035 quibus
1577 2940 1659 3008 in
1703 2941 1917 3010 terris
1956 2961 2140 3010 non-

80 3053 269 3127 dum
327 3052 722 3126 observata
767 3063 901 3124 est.
1011 3054 1374 3125 Tamara·
1422 3054 1835 3147 tetragyna
1870 3050 2135 3144 Ehrbg.

81 3168 185 3242 ab
245 3151 630 3264 A'egypto,
717 3168 799 3239 in
864 3190 1006 3264 qua
1071 3180 1272 3240 terra
1331 3168 1416 3239 cl.
1484 3164 1909 3261 Ehrenberg
1971 3167 2139 3240 eam

82 3285 421 3375 collegit,
498 3305 661 3358 cum
745 3282 817 3354 T.
867 3284 1154 3374 gallica
1219 3295 1297 3355 et
1357 3279 1719 3372 ffrz‘cana‘
1773 3306 1906 3379 per
1953 3280 2138 3356 Ara·

79 3398 292 3469 biam
342 3420 578 3493 usque
627 3395 726 3468 ad
777 3396 1109 3490 Syriam,
1159 3397 1286 3476 ubi
1341 3394 1438 3468 ad
1482 3394 1789 3468 Hebron
1843 3421 1887 3469 a
1933 3420 2140 3493 pere-

73 3511 551 3604 grinantibus
588 3512 895 3583 collecta
938 3521 1077 3596 est,
1130 3512 1447 3606 sparsim
1504 3512 1893 3606 provenire
1933 3511 2140 3582 vide-

67 3641 246 3711 tur,
322 3647 553 3722 usque
620 3623 715 3699 ad
776 3626 918 3699 hoc
975 3637 1266 3720 tempus
1316 3626 1807 3720 praetervisa‚
1883 3649 2140 3722 quam-

69 3761 307 3835 quam
378 3739 680 3814 floribus
745 3742 1195 3833 tetragynis,
1273 3741 1354 3810 in
1423 3761 1758 3811 racemos
1836 3738 2137 3825 densos,

66 3854 867 3950 tri-quadripollicares
923 3857 1292 3947 congestis
1340 3855 1560 3927 facile
1591 3853 2089 3943 distinguitur.

175 3967 645 4064 Praeceptor-i
698 3981 909 4057 meo‘,
942 3970 1382 4042 'clarissimo
1436 3980 1657 4062 atque
1698 3965 2133 4044 doctissimo
2173 3959 2178 3968 ‘

66 4084 280 4171 viro,
354 4081 759 4177 professori
809 4069 939 4158 Dr.
1000 4083 1430 4169 Zeeccarz‘m‘,
1505 4082 1583 4152 in
1657 4104 1738 4152 cu
1743 4080 1865 4177 jus
1931 4078 2133 4176 largo
